@article{howe2006rise,
  title={The rise of crowdsourcing},
  author={Howe, Jeff},
  journal={Wired magazine},
  volume={14},
  number={6},
  pages={1--4},
  year={2006}
}

@inproceedings{ipeirotis2014quizz,
  title={Quizz: Targeted crowdsourcing with a billion (potential) users},
  author={Ipeirotis, Panagiotis G and Gabrilovich, Evgeniy},
  booktitle={Proceedings of the 23rd international conference on World wide web},
  pages={143--154},
  year={2014},
  organization={ACM}
}
@inproceedings{huang2005kimono,
  title={Kimono: kiosk-mobile phone knowledge sharing system},
  author={Huang, Albert and Pulli, Kari and Rudolph, Larry},
  booktitle={Proceedings of the 4th international conference on Mobile and ubiquitous multimedia},
  pages={142--149},
  year={2005},
  organization={ACM}
}
@inproceedings{heimerl2012communitysourcing,
  title={CommunitySourcing: engaging local crowds to perform expert work via physical kiosks},
  author={Heimerl, Kurtis and Gawalt, Brian and Chen, Kuang and Parikh, Tapan and Hartmann, Bj{\"o}rn},
  booktitle={Proceedings of the SIGCHI Conference on Human Factors in Computing Systems},
  pages={1539--1548},
  year={2012},
  organization={ACM}
}
@inproceedings{della2013crowdsourcing,
  title={Crowdsourcing to Mobile Users: A Study of the Role of Platforms and Tasks.},
  author={Della Mea, Vincenzo and Maddalena, Eddy and Mizzaro, Stefano},
  booktitle={DBCrowd},
  pages={14--19},
  year={2013}
}
@inproceedings{alt2010location,
  title={Location-based crowdsourcing: extending crowdsourcing to the real world},
  author={Alt, Florian and Shirazi, Alireza Sahami and Schmidt, Albrecht and Kramer, Urs and Nawaz, Zahid},
  booktitle={Proceedings of the 6th Nordic Conference on Human-Computer Interaction: Extending Boundaries},
  pages={13--22},
  year={2010},
  organization={ACM}
}
@inproceedings{vaataja2011crowdsourced,
  title={Crowdsourced news reporting: supporting news content creation with mobile phones},
  author={V{\"a}{\"a}t{\"a}j{\"a}, Heli and Vainio, Teija and Sirkkunen, Esa and Salo, Kari},
  booktitle={Proceedings of the 13th International Conference on Human Computer Interaction with Mobile Devices and Services},
  pages={435--444},
  year={2011},
  organization={ACM}
}
@inproceedings{su2006fast,
  title={A fast decision tree learning algorithm},
  author={Su, Jiang and Zhang, Harry},
  booktitle={Proceedings of the National Conference on Artificial Intelligence},
  volume={21},
  number={1},
  pages={500},
  year={2006},
  organization={Menlo Park, CA; Cambridge, MA; London; AAAI Press; MIT Press; 1999}
}
@article{quinlan1987simplifying,
  title={Simplifying decision trees},
  author={Quinlan, J. Ross},
  journal={International journal of man-machine studies},
  volume={27},
  number={3},
  pages={221--234},
  year={1987},
  publisher={Elsevier}
}
@book{breiman1984classification,
  title={Classification and regression trees},
  author={Breiman, Leo and Friedman, Jerome and Stone, Charles J and Olshen, Richard A},
  year={1984},
  publisher={CRC press}
}
@article{quinlan1986induction,
  title={Induction of decision trees},
  author={Quinlan, J. Ross},
  journal={Machine learning},
  volume={1},
  number={1},
  pages={81--106},
  year={1986},
  publisher={Springer}
}
